@software{VeraCrypt,
    title = {VeraCrypt - Free Open source disk encryption with strong security for the Paranoid},
    author = {{VeraCrypt}},
    year = {2024},
    url = {https://www.veracrypt.fr/},
    note = {Accessed: 2024-11-09}
}

@misc{VeraCrypt-modes,
    title = {VeraCrypt - Free Open source disk encryption with strong security for the Paranoid. Modes of Operation},
    author = {{VeraCrypt}},
    year = {2024},
    url = {https://www.veracrypt.fr/en/Modes%20of%20Operation.html},
    note = {Accessed: 2024-11-09}
}

@misc{NTRU8,
    title = {EEES\#1: Implementation aspects of NTRUEncrypt},
    version = {3.1},
    organization = {Efficient Embedded Security Standards (EESS)},
    year = {2015},
    url = {https://github.com/NTRUOpenSourceProject/ntru-crypto/blob/master/doc/EESS1-v3.1.pdf}
}

@standard{IEEE1619,
    title = {{IEEE Standard for Cryptographic Protection of Data on Block-Oriented Storage Devices}},
    institution = {IEEE},
    type = {Standard},
    number = {IEEE Std 1619-2018},
    year = {2019},
    month = jan,
    doi = {10.1109/IEEESTD.2019.8637482},
    note = {Revision of IEEE Std 1619-2007}
}

@misc{IEEENTRU,
    title = {Standard Specifications For Public-Key Cryptography},
    organization = {IEEE P1363},
    url = {http://grouper.ieee.org/groups/1363/}
}

@inproceedings{Merkle,
    author = {R. C. Merkle},
    title = {A certified digital signature},
    booktitle = {Advances in Cryptology -- CRYPTO' 89},
    series = {Lecture Notes in Computer Science},
    volume = {435},
    pages = {218--238}
}

@book{Knuth,
    author = {D. E. Knuth},
    title = {Art of computer programming, volume 2: Seminumerical algorithms},
    publisher = {Addison-Wesley Professional},
    year = {2014}
}

@techreport{whatsapp,
    author = {{WhatsApp Inc.}},
    title = {WhatsApp Encryption Overview},
    type = {Technical Whitepaper},
    version = {8},
    year = {2024},
    note = {Updated August 19, 2024},
    url = {https://www.whatsapp.com/security/WhatsApp-Security-Whitepaper.pdf},
    note = {Accessed: 2024-11-09}
}

@software{linux-kernel,
    title = {Linux Kernel Source Code},
    author = {{Linux Kernel Organization}},
    year = {2024},
    url = {https://github.com/torvalds/linux/},
    note = {Accessed: 2024-11-09}
}
@inproceedings{Rogaway,
    author = {Phillip Rogaway},
    title = {Efficient Instantiations of Tweakable Blockciphers and Refinements to Modes OCB and PMAC},
    booktitle = {Advances in Cryptology -- ASIACRYPT 2004},
    series = {Lecture Notes in Computer Science},
    volume = {3329},
    pages = {16--31},
    year = {2004},
    publisher = {Springer},
    doi = {10.1007/978-3-540-30539-2_2}
}

@techreport{NIST-XTS,
    author = {{National Institute of Standards and Technology}},
    title = {Recommendation for Block Cipher Modes of Operation: The XTS-AES Mode for Confidentiality on Storage Devices},
    number = {NIST Special Publication 800-38E},
    year = {2010},
    month = {1},
    institution = {National Institute of Standards and Technology},
    url = {https://nvlpubs.nist.gov/nistpubs/Legacy/SP/nistspecialpublication800-38e.pdf},
    note = {Accessed: 2024-11-09}
}
